<?xml version="1.0" encoding="UTF-8"?>
<record xmlns="http://www.loc.gov/MARC21/slim">
   <leader>01652cam a2200361 a 4500</leader>
   <controlfield tag="001">417909</controlfield>
   <controlfield tag="003">NjP</controlfield>
   <controlfield tag="005">20190705140612.0</controlfield>
   <controlfield tag="008">871223s1883    le            000 0 ara d</controlfield>
   <datafield tag="024" ind1="7" ind2=" ">
      <subfield code="a">princeton_aco003690</subfield>
      <subfield code="2">local</subfield>
   </datafield>
   <datafield ind1=" " ind2=" " tag="040">
      <subfield code="a">NjP</subfield>
      <subfield code="c">PUL</subfield>
      <subfield code="d">PUL</subfield>
   </datafield>
   <datafield ind1=" " ind2=" " tag="035">
      <subfield code="a">(CStRLIN)NJPG87-B63676</subfield>
   </datafield>
   <datafield ind1=" " ind2=" " tag="035">
      <subfield code="9">ABZ3452TS</subfield>
   </datafield>
   <datafield ind1=" " ind2=" " tag="035">
      <subfield code="a">(NjP)417909</subfield>
   </datafield>
   <datafield ind1="1" ind2=" " tag="041">
      <subfield code="a">ara</subfield>
      <subfield code="h">ota</subfield>
   </datafield>
   <datafield ind1=" " ind2=" " tag="043">
      <subfield code="a">a-tu---</subfield>
   </datafield>
   <datafield ind1=" " ind2=" " tag="049">
      <subfield code="a">PULL</subfield>
   </datafield>
   <datafield ind1=" " ind2=" " tag="035">
      <subfield code="a">(OCoLC)ocm11351292</subfield>
   </datafield>
   <datafield ind1="1" ind2=" " tag="110">
      <subfield code="a">Turkey.</subfield>
      <subfield code="0">http://id.loc.gov/authorities/names/n80070818</subfield>
   </datafield>
   <datafield ind1="1" ind2="0" tag="240">
      <subfield code="a">Laws, etc.</subfield>
      <subfield code="l">Arabic</subfield>
   </datafield>
   <datafield ind1="1" ind2="3" tag="245">
      <subfield code="6">880-01</subfield>
      <subfield code="a">al-Dustūr /</subfield>
      <subfield code="c">tarjamahu min al-lughah al-Turkīyah ilá al-ʻArabīyah Nawfal Afandī Niʻmat Allāh Nawfal ; bi-murājaʻat wa-tadqīq Khalīl Afandī al-Khūrī.</subfield>
   </datafield>
   <datafield ind1=" " ind2=" " tag="260">
      <subfield code="6">880-02</subfield>
      <subfield code="a">Bayrūt :</subfield>
      <subfield code="b">al-Maṭbaʻah al-Adabīyah,</subfield>
      <subfield code="c">1301 [1883 or 1884]</subfield>
   </datafield>
   <datafield ind1=" " ind2=" " tag="300">
      <subfield code="a">580 p. ;</subfield>
      <subfield code="c">24 cm.</subfield>
   </datafield>
   <datafield ind1=" " ind2=" " tag="500">
      <subfield code="a">Translation of: Düstur.</subfield>
   </datafield>
   <datafield ind1=" " ind2="0" tag="650">
      <subfield code="a">Law</subfield>
      <subfield code="z">Turkey.</subfield>
      <subfield code="0">http://id.loc.gov/authorities/subjects/sh2008106842</subfield>
   </datafield>
   <datafield ind1="1" ind2=" " tag="700">
      <subfield code="6">880-03</subfield>
      <subfield code="a">Ṭarābulusī, Nawfal Niʻmat Allāh,</subfield>
      <subfield code="d">1812-1887.</subfield>
      <subfield code="0">http://id.loc.gov/authorities/names/n82236909</subfield>
   </datafield>
   <datafield ind1="1" ind2="2" tag="880">
      <subfield code="6">245-01/r</subfield>
      <subfield code="a">الدستور /</subfield>
      <subfield code="c">ترجمه من اللغة التركية الى العربية نوفل افندي نعمة الله نوفل ؛ بمراجعة وتدقيق خليل افندي الخوري.</subfield>
   </datafield>
   <datafield ind1=" " ind2=" " tag="880">
      <subfield code="6">260-02/r</subfield>
      <subfield code="a">بيروت :</subfield>
      <subfield code="b">المطبعة الادبية،</subfield>
      <subfield code="c">1301 [1883 or 1884]</subfield>
   </datafield>
   <datafield ind1="1" ind2=" " tag="880">
      <subfield code="6">700-03/r</subfield>
      <subfield code="a">طرابلسي، نوفل نعمة الله،</subfield>
      <subfield code="d">1812-1887.</subfield>
   </datafield>
   <datafield ind1=" " ind2=" " tag="998">
      <subfield code="a">05/11/93</subfield>
      <subfield code="s">9118</subfield>
      <subfield code="n">NjP</subfield>
      <subfield code="w">NJPG87B63676</subfield>
      <subfield code="d">12/23/87</subfield>
      <subfield code="c">JEB</subfield>
      <subfield code="b">LRP</subfield>
      <subfield code="i">930511</subfield>
      <subfield code="l">NJPG</subfield>
   </datafield>
   <datafield ind1=" " ind2=" " tag="911">
      <subfield code="a">19930520</subfield>
   </datafield>
   <datafield ind1=" " ind2=" " tag="912">
      <subfield code="a">19930511000000.0</subfield>
   </datafield>
   <datafield ind1=" " ind2=" " tag="994">
      <subfield code="a">C0</subfield>
      <subfield code="b">PUL</subfield>
   </datafield>
   <datafield ind1=" " ind2=" " tag="999">
      <subfield code="a">417909</subfield>
   </datafield>
   <datafield ind1=" " ind2=" " tag="979">
      <subfield code="a">(OCoLC)ocn175794387</subfield>
   </datafield>
   <datafield ind1="8" ind2="0" tag="852">
      <subfield code="0">455121</subfield>
      <subfield code="b">rcppa</subfield>
      <subfield code="t">1</subfield>
      <subfield code="h">KPA</subfield>
      <subfield code="i">.T8D812 1883</subfield>
      <subfield code="x">tr fr arab</subfield>
   </datafield>
   <datafield ind1=" " ind2=" " tag="959">
      <subfield code="a">2000-06-13 00:00:00 -0400</subfield>
   </datafield>
</record>
